<collection xmlns="http://www.loc.gov/MARC21/slim">
<record>
  <leader>00718nam0a22001931i 450 </leader>
  <controlfield tag="001">IT\ICCU\CNCE\059285</controlfield>
  <controlfield tag="005">20071015000000.0</controlfield>
  <datafield tag="100" ind1=" " ind2=" ">
    <subfield code="a">20040929d1594        0itac0103    ba</subfield>
  </datafield>
  <datafield tag="101" ind1=" " ind2=" ">
    <subfield code="a">ITA</subfield>
  </datafield>
  <datafield tag="102" ind1=" " ind2=" ">
    <subfield code="a">IT</subfield>
  </datafield>
  <datafield tag="200" ind1="1" ind2=" ">
    <subfield code="a">Auertimenti intorno al sacramento della cresima publicati d&apos;ordine del reuerendiss. monsig. don Carlo vescouo di Nouara, adi 13 di luglio, 1594</subfield>
  </datafield>
  <datafield tag="210" ind1=" " ind2=" ">
    <subfield code="a">In Nouara</subfield>
    <subfield code="c">appresso gl&apos;heredi di Fr. Sesalli</subfield>
    <subfield code="d">1594</subfield>
  </datafield>
  <datafield tag="215" ind1=" " ind2=" ">
    <subfield code="a">1 foglio</subfield>
  </datafield>
  <datafield tag="620" ind1=" " ind2=" ">
    <subfield code="a">IT</subfield>
    <subfield code="d">Novara</subfield>
  </datafield>
  <datafield tag="710" ind1="0" ind2="2">
    <subfield code="a">Novara</subfield>
    <subfield code="c"> &lt;diocesi&gt;</subfield>
    <subfield code="3">9777</subfield>
  </datafield>
  <datafield tag="702" ind1=" " ind2="1">
    <subfield code="a">Bascap,̈</subfield>
    <subfield code="b">Carlo</subfield>
    <subfield code="3">IT\ICCU\CNCA\001447</subfield>
  </datafield>
  <datafield tag="712" ind1="0" ind2="0">
    <subfield code="a">Sesalli, Francesco - eredi</subfield>
    <subfield code="3">IT\ICCU\CNCT\000934</subfield>
    <subfield code="4">650</subfield>
  </datafield>
  <datafield tag="791" ind1="0" ind2="2">
    <subfield code="a">Ecclesia Novariensis</subfield>
    <subfield code="3">21774</subfield>
    <subfield code="z">Novara &lt;diocesi&gt;</subfield>
  </datafield>
  <datafield tag="801" ind1=" " ind2="3">
    <subfield code="a">IT</subfield>
    <subfield code="b">ICCU</subfield>
    <subfield code="c">20201115</subfield>
  </datafield>
</record>
</collection>
